
  <record>
    <leader>00000nam a2200000 i 4500</leader>
    <controlfield tag="001">NN017073</controlfield>
    <controlfield tag="008">190617s2019||||||||||||||||||||||||hrv|d</controlfield>
    <datafield tag="020" ind1=" " ind2=" ">
      <subfield code="a">9789534807248</subfield>
    </datafield>
    <datafield tag="039" ind1=" " ind2=" ">
      <subfield code="b">II</subfield>
      <subfield code="b">alcoda</subfield>
      <subfield code="b">alcoda2</subfield>
    </datafield>
    <datafield tag="041" ind1=" " ind2=" ">
      <subfield code="a">hrv</subfield>
    </datafield>
    <datafield tag="100" ind1="1" ind2=" ">
      <subfield code="a">Kordić, Daniella</subfield>
      <subfield code="0">(CH-001273-X)A211368</subfield>
    </datafield>
    <datafield tag="245" ind1="0" ind2="0">
      <subfield code="a">Vila Latica :</subfield>
      <subfield code="b">knjiga za djecu i roditelje /</subfield>
      <subfield code="c">Daniella Kordić; ilustrirala Nikolina Ivezić</subfield>
    </datafield>
    <datafield tag="264" ind1=" " ind2="1">
      <subfield code="a">Zagreb :</subfield>
      <subfield code="b">Cosmos knjiga,</subfield>
      <subfield code="c">2019</subfield>
    </datafield>
    <datafield tag="300" ind1=" " ind2=" ">
      <subfield code="a">103 Seiten :</subfield>
      <subfield code="b">Ill.</subfield>
    </datafield>
    <datafield tag="336" ind1=" " ind2=" ">
      <subfield code="a">Text</subfield>
      <subfield code="b">txt</subfield>
      <subfield code="2">rdacontent</subfield>
      <subfield code="9">NetBiblio</subfield>
    </datafield>
    <datafield tag="337" ind1=" " ind2=" ">
      <subfield code="a">ohne Hilfsmittel zu benutzen</subfield>
      <subfield code="b">n</subfield>
      <subfield code="2">rdamedia</subfield>
      <subfield code="9">NetBiblio</subfield>
    </datafield>
    <datafield tag="338" ind1=" " ind2=" ">
      <subfield code="a">Band</subfield>
      <subfield code="b">nc</subfield>
      <subfield code="2">rdacarrier</subfield>
      <subfield code="9">NetBiblio</subfield>
    </datafield>
    <datafield tag="490" ind1=" " ind2=" ">
      <subfield code="a">Biblioteka Sova ;</subfield>
      <subfield code="v">knjiga 2</subfield>
    </datafield>
    <datafield tag="696" ind1=" " ind2=" ">
      <subfield code="a">Mädchen</subfield>
      <subfield code="2">bm</subfield>
      <subfield code="0">(CH-001273-X)A82000</subfield>
    </datafield>
    <datafield tag="696" ind1=" " ind2=" ">
      <subfield code="a">Freundschaft</subfield>
      <subfield code="0">(CH-001273-X)A81888</subfield>
    </datafield>
    <datafield tag="696" ind1=" " ind2=" ">
      <subfield code="a">Phantastisches</subfield>
      <subfield code="2">bm</subfield>
      <subfield code="0">(CH-001273-X)A82008</subfield>
    </datafield>
    <datafield tag="700" ind1="1" ind2=" ">
      <subfield code="a">Ivezić, Nikolina</subfield>
      <subfield code="d">1970-</subfield>
      <subfield code="e">(Illustrator)</subfield>
      <subfield code="0">(DE-588)139373713</subfield>
    </datafield>
    <datafield tag="830" ind1=" " ind2="0">
      <subfield code="a">Biblioteka Sova</subfield>
      <subfield code="v">2</subfield>
      <subfield code="0">(CH-001273-X)A211369</subfield>
    </datafield>
    <datafield tag="954" ind1=" " ind2=" ">
                 <subfield code="a">BCD104675685</subfield>
                 <subfield code="j">ZBS KJ BM/KORD</subfield>
                 <subfield code="9">LOCAL</subfield>
                 </datafield>
    <datafield tag="998" ind1=" " ind2=" ">
      <subfield code="1">MediaType1Code: 10</subfield>
      <subfield code="1">MediaType2Code: 30</subfield>
      <subfield code="1">AgeCode: 83</subfield>
      <subfield code="1">BibliomediaCollectionNr: S56997</subfield>
    </datafield>
  </record>