
  <record>
    <leader>00000nam a2200000 i 4500</leader>
    <controlfield tag="001">NN017090</controlfield>
    <controlfield tag="008">190618s2018||||||||||||||||||||||||hrv|d</controlfield>
    <datafield tag="020" ind1=" " ind2=" ">
      <subfield code="a">9789533136684</subfield>
    </datafield>
    <datafield tag="039" ind1=" " ind2=" ">
      <subfield code="b">II</subfield>
      <subfield code="b">alcoda</subfield>
      <subfield code="b">alcoda2</subfield>
    </datafield>
    <datafield tag="041" ind1=" " ind2=" ">
      <subfield code="a">hrv</subfield>
      <subfield code="h">eng</subfield>
    </datafield>
    <datafield tag="100" ind1="1" ind2=" ">
      <subfield code="a">Phipps, Selwyn</subfield>
      <subfield code="0">(CH-001273-X)A211376</subfield>
    </datafield>
    <datafield tag="240" ind1=" " ind2="4">
      <subfield code="a">The magical unicorn society offical handbook</subfield>
    </datafield>
    <datafield tag="245" ind1="0" ind2="0">
      <subfield code="a">Društvo čarobnih jednoroga :</subfield>
      <subfield code="b">službeni priručnik /</subfield>
      <subfield code="c">Selwin E. Phipps; Harry Goldhawk, Zanna Goldhawk, Helen Dar</subfield>
    </datafield>
    <datafield tag="264" ind1=" " ind2="1">
      <subfield code="a">Zagreb :</subfield>
      <subfield code="b">Profil,</subfield>
      <subfield code="c">2018</subfield>
    </datafield>
    <datafield tag="300" ind1=" " ind2=" ">
      <subfield code="a">120 Seiten :</subfield>
      <subfield code="b">Ill.</subfield>
    </datafield>
    <datafield tag="336" ind1=" " ind2=" ">
      <subfield code="a">Text</subfield>
      <subfield code="b">txt</subfield>
      <subfield code="2">rdacontent</subfield>
      <subfield code="9">NetBiblio</subfield>
    </datafield>
    <datafield tag="337" ind1=" " ind2=" ">
      <subfield code="a">ohne Hilfsmittel zu benutzen</subfield>
      <subfield code="b">n</subfield>
      <subfield code="2">rdamedia</subfield>
      <subfield code="9">NetBiblio</subfield>
    </datafield>
    <datafield tag="338" ind1=" " ind2=" ">
      <subfield code="a">Band</subfield>
      <subfield code="b">nc</subfield>
      <subfield code="2">rdacarrier</subfield>
      <subfield code="9">NetBiblio</subfield>
    </datafield>
    <datafield tag="696" ind1=" " ind2=" ">
      <subfield code="a">Fabel</subfield>
      <subfield code="2">bm</subfield>
      <subfield code="0">(CH-001273-X)A82059</subfield>
    </datafield>
    <datafield tag="696" ind1=" " ind2=" ">
      <subfield code="a">Phantastisches</subfield>
      <subfield code="2">bm</subfield>
      <subfield code="0">(CH-001273-X)A82008</subfield>
    </datafield>
    <datafield tag="700" ind1="1" ind2=" ">
      <subfield code="a">Goldhawk, Harry</subfield>
      <subfield code="e">(Illustrator)</subfield>
      <subfield code="0">(DLC)no2018127484</subfield>
    </datafield>
    <datafield tag="700" ind1="1" ind2=" ">
      <subfield code="a">Goldhawk, Harry</subfield>
      <subfield code="e">(Illustrator)</subfield>
      <subfield code="0">(DLC)no2018127484</subfield>
    </datafield>
    <datafield tag="700" ind1="1" ind2=" ">
      <subfield code="a">Dardik, Helen</subfield>
      <subfield code="e">(Illustrator)</subfield>
      <subfield code="0">(CH-001273-X)A211377</subfield>
    </datafield>
    <datafield tag="954" ind1=" " ind2=" ">
                 <subfield code="a">BCD104604095</subfield>
                 <subfield code="j">ZBS KJ BM/PHIP</subfield>
                 <subfield code="9">LOCAL</subfield>
                 </datafield>
    <datafield tag="998" ind1=" " ind2=" ">
      <subfield code="1">MediaType1Code: 10</subfield>
      <subfield code="1">MediaType2Code: 30</subfield>
      <subfield code="1">AgeCode: 83</subfield>
      <subfield code="1">BibliomediaCollectionNr: S56997</subfield>
    </datafield>
  </record>