
  <record>
    <leader>00000nam a2200000 i 4500</leader>
    <controlfield tag="001">NN013597</controlfield>
    <controlfield tag="008">181205s2018||||||||||||||||||||||||hrv|d</controlfield>
    <datafield tag="020" ind1=" " ind2=" ">
      <subfield code="a">9789537997489</subfield>
    </datafield>
    <datafield tag="039" ind1=" " ind2=" ">
      <subfield code="b">II</subfield>
      <subfield code="b">alcoda</subfield>
      <subfield code="b">alcoda2</subfield>
      <subfield code="b">alcoda</subfield>
    </datafield>
    <datafield tag="041" ind1=" " ind2=" ">
      <subfield code="a">hrv</subfield>
    </datafield>
    <datafield tag="100" ind1="1" ind2=" ">
      <subfield code="a">Vitez, Grigor</subfield>
      <subfield code="e">(Verfasser)</subfield>
      <subfield code="0">(CH-001273-X)A209067</subfield>
    </datafield>
    <datafield tag="245" ind1="0" ind2="0">
      <subfield code="a">O zecu koji se volio smijati</subfield>
    </datafield>
    <datafield tag="264" ind1=" " ind2="1">
      <subfield code="a">Zagreb :</subfield>
      <subfield code="b">Ibis grafika,</subfield>
      <subfield code="c">2018</subfield>
    </datafield>
    <datafield tag="300" ind1=" " ind2=" ">
      <subfield code="a">70 Seiten :</subfield>
      <subfield code="b">Ill. ;</subfield>
      <subfield code="c">22 cm</subfield>
    </datafield>
    <datafield tag="336" ind1=" " ind2=" ">
      <subfield code="a">Text</subfield>
      <subfield code="b">txt</subfield>
      <subfield code="2">rdacontent</subfield>
      <subfield code="9">NetBiblio</subfield>
    </datafield>
    <datafield tag="337" ind1=" " ind2=" ">
      <subfield code="a">ohne Hilfsmittel zu benutzen</subfield>
      <subfield code="b">n</subfield>
      <subfield code="2">rdamedia</subfield>
      <subfield code="9">NetBiblio</subfield>
    </datafield>
    <datafield tag="338" ind1=" " ind2=" ">
      <subfield code="a">Band</subfield>
      <subfield code="b">nc</subfield>
      <subfield code="2">rdacarrier</subfield>
      <subfield code="9">NetBiblio</subfield>
    </datafield>
    <datafield tag="696" ind1=" " ind2=" ">
      <subfield code="a">Tier Hase</subfield>
      <subfield code="2">bm</subfield>
      <subfield code="0">(CH-001273-X)A82187</subfield>
    </datafield>
    <datafield tag="700" ind1="1" ind2=" ">
      <subfield code="a">Škerl, Peter</subfield>
      <subfield code="d">1973-</subfield>
      <subfield code="e">(Illustrator)</subfield>
      <subfield code="0">(DE-588)138055580</subfield>
      <subfield code="2">gnd</subfield>
    </datafield>
    <datafield tag="954" ind1=" " ind2=" ">
                 <subfield code="a">BCD10466209X</subfield>
                 <subfield code="j">ZBS KJ BM/VITE</subfield>
                 <subfield code="9">LOCAL</subfield>
                 </datafield>
    <datafield tag="998" ind1=" " ind2=" ">
      <subfield code="1">MediaType1Code: 10</subfield>
      <subfield code="1">MediaType2Code: 30</subfield>
      <subfield code="1">AgeCode: 83</subfield>
      <subfield code="1">BibliomediaCollectionNr: S56997</subfield>
    </datafield>
  </record>
  </collection>
